@book{forsyth2018probability,
  title={Probability and statistics for computer science},
  author={Forsyth, David},
  year={2018},
  publisher={Springer}
}

@book{faber2012statistics,
  title={Statistics and probability theory: in pursuit of engineering decision support},
  author={Faber, Michael Havbro},
  volume={18},
  year={2012},
  publisher={Springer Science \& Business Media}
}

@book{jaynes2003probability,
  title={Probability theory: The logic of science},
  author={Jaynes, Edwin T},
  year={2003},
  publisher={Cambridge university press}
}

@book{temperley2007music,
  title={Music and probability},
  author={Temperley, David and others},
  year={2007},
  publisher={Mit Press}
}

@book{vsirca2016probability,
  title={Probability for physicists},
  author={{\v{S}}irca, Simon},
  year={2016},
  publisher={Springer}
}

@article{walpole2012probabilidad,
  title={Probabilidad y estad{\'\i}stica para ingenieros y ciencias},
  author={Walpole, Ronald E and others},
  year={2012},
  publisher={Biblioteca Hern{\'a}n Malo Gonz{\'a}lez}
}

@book{spiegel1976teoria,
  title={Teoria y problemas de probabilidad y estadistica},
  author={Spiegel Murray, R and Suarez, Jairo Osuna},
  year={1976},
  publisher={McGraw-Hill}
}

@book{blitzstein2015introduction,
  title={Introduction to probability},
  author={Blitzstein, Joseph K and Hwang, Jessica},
  year={2015},
  publisher={Crc Press Boca Raton, FL}
}

@book{venkatesh2013theory,
  title={The theory of probability: Explorations and applications},
  author={Venkatesh, Santosh S},
  year={2013},
  publisher={Cambridge University Press}
}

@book{hestenes2012clifford,
  title={Clifford algebra to geometric calculus: a unified language for mathematics and physics},
  author={Hestenes, David and Sobczyk, Garret},
  volume={5},
  year={2012},
  publisher={Springer Science \& Business Media}
}

@book{schiller2012probability,
  title={Probability and statistics},
  author={Schiller, John and Srinivasan, R and Spiegel, Murray},
  year={2012},
  publisher={McGraw-Hill Education}
}

@book{balakrishnan1995combinatorics,
  title={Theory and problems of combinatorics},
  author={Balakrishnan, V.K.},
  year={1995},
  publisher={McGraw-Hill Education}
}
